@book{rajaraman2014mining,
  added-at = {2014-04-02T11:11:28.000+0200},
  author = {Rajaraman, Anand and Leskovec, Jure and Ullman, Jeffrey D.},
  biburl = {https://www.bibsonomy.org/bibtex/23ef788252184bf10f6906a6563924794/jaeschke},
  interhash = {33042928a3c4cc2cb7da4b7d5c27f863},
  intrahash = {3ef788252184bf10f6906a6563924794},
  keywords = {bigdata book data dataset mining},
  timestamp = {2014-07-28T15:57:31.000+0200},
  title = {Mining Massive Datasets},
  publisher = {Cambridge University Press},
  howpublished = {\url{http://infolab.stanford.edu/~ullman/mmds/book.pdf}},
  year = 2014
}

@misc{pysparkoverview,
author = {Apache Spark},
title = {Pyspark Overview},
year = {2023},
howpublished = {\url{https://spark.apache.org/docs/latest/api/python/}}
}

@misc{sparkconf,
author = {Apache Spark},
title = {pyspark.SparkConf},
year = {2023},
howpublished = {\url{https://spark.apache.org/docs/latest/api/python/reference/api/pyspark.SparkConf.html}}
}

@misc{sparksession,
author = {Apache Spark},
title = {pyspark.SparkSession},
year = {2023},
howpublished = {\url{https://spark.apache.org/docs/3.2.0/api/java/org/apache/spark/sql/SparkSession.html}},
}

@misc{pysparkml,
author = {Apache Spark},
title = {pyspark.ml},
year = {2023},
howpublished = {\url{https://spark.apache.org/docs/2.2.0/api/python/pyspark.ml.html}},
}
@misc{pysparkfunc,
author = {Apache Spark},
title = {pyspark.sql.function},
year = {2023},
howpublished = {\url{https://spark.apache.org/docs/latest/api/python/reference/pyspark.sql/functions.html}}
}
@misc{kaggle,
author = {Mahmoud Hassan Mahmoud},
title = {What is Kaggle?},
year = {2022},
howpublished = {\url{https://www.kaggle.com/general/328265}}
}
@misc{pandas,
author = {Pandas},
title = {Pandas package overview},
year = {2023},
howpublished = {\url{https://pandas.pydata.org/docs/getting_started/overview.html}}
}
@misc{scikit,
author = {codecademy},
title = {What is Scikit-Learn?},
year = {2023},
howpublished = {\url{https://www.codecademy.com/article/scikit-learn}}
}
@misc{numpy,
author = {codecademy},
title = {What is NumPy?},
year = {2023},
howpublished = {\url{https://numpy.org/doc/stable/user/whatisnumpy.html}}
}
@misc{matrixfact,
author = {towardsdatascience},
title = {Alternating Least Square (ALS) Matrix Factorization in Collaborative Filtering},
year = {2018},
howpublished = {\url{https://towardsdatascience.com}}
}
@misc{ndcgtow,
author = {towardsdatascience},
title = {Normalized Discounted Cumulative Gain},
year = {2020},
howpublished = {\url{https://towardsdatascience.com/normalized-discounted-cumulative-gain-37e6f75090e9}}
}
@misc{notekaggle,
author = {Aryan Sakhala},
title = {Kaggle notebook},
year = {2021},
howpublished = {\url{https://www.kaggle.com/code/aryansakhala/recommend}}
}
@misc{latextemp,
author = {Giorgio Presti},
title = {Template Latex},
year = {2023},
howpublished = {\url{https://homes.di.unimi.it/presti/index.php?p=3&l=1}}
}
